				<record xmlns="http://www.ddb.de/professionell/mabxml/mabxml-1.xsd">
					<leader>------M2.01200024------h</leader>
					<controlfield tag="LDR">------M2.01200024------h
					</controlfield>
					<controlfield tag="FMT">MH</controlfield>
					<datafield tag="001" ind1="-" ind2="1">
						<subfield code="a">HT014997894</subfield>
					</datafield>
					<datafield tag="002" ind1="a" ind2="1">
						<subfield code="a">20070222</subfield>
					</datafield>
					<controlfield tag="030">a|1uc||||||37</controlfield>
					<datafield tag="036" ind1="a" ind2="1">
						<subfield code="a">DE</subfield>
					</datafield>
					<datafield tag="037" ind1="b" ind2="1">
						<subfield code="a">ger</subfield>
					</datafield>
					<controlfield tag="050">||||||||g|||||</controlfield>
					<controlfield tag="051">my|||||||||||||</controlfield>
					<datafield tag="070" ind1="-" ind2="1">
						<subfield code="a">929</subfield>
					</datafield>
					<datafield tag="078" ind1="r" ind2="1">
						<subfield code="a">929: edoweb</subfield>
					</datafield>
					<datafield tag="080" ind1="-" ind2="1">
						<subfield code="a">60</subfield>
					</datafield>
					<datafield tag="200" ind1="b" ind2="1">
						<subfield code="k">Rheinland-Pfalz</subfield>
						<subfield code="b">Ministerium des Innern und für Sport
						</subfield>
						<subfield code="9">(DE-588)2062455-4</subfield>
					</datafield>
					<datafield tag="201" ind1="-" ind2="1">
						<subfield code="k">Rheinland-Pfalz</subfield>
						<subfield code="b">Ministerium des Innern und für Sport
						</subfield>
						<subfield code="b">Abteilung für Vermessungs- und
							Katasterwesen</subfield>
					</datafield>
					<datafield tag="201" ind1="-" ind2="1">
						<subfield code="k">Rheinland-Pfalz</subfield>
						<subfield code="b">Ministerium des Innern und für Sport
						</subfield>
						<subfield code="b">Abteilung für Vermessungs- und
							Katasterverwaltung</subfield>
					</datafield>
					<datafield tag="201" ind1="-" ind2="1">
						<subfield code="k">Rheinland-Pfalz</subfield>
						<subfield code="b">Ministerium des Innern und für Sport
						</subfield>
						<subfield code="b">Vermessungs- und Katasterverwaltung
						</subfield>
					</datafield>
					<datafield tag="201" ind1="-" ind2="1">
						<subfield code="k">Rheinland-Pfalz</subfield>
						<subfield code="b">Ministerium des Innern und für Sport
						</subfield>
						<subfield code="b">Abteilung</subfield>
						<subfield code="n">7</subfield>
					</datafield>
					<datafield tag="201" ind1="-" ind2="1">
						<subfield code="k">Rheinland-Pfalz</subfield>
						<subfield code="b">Ministerium des Innern und für Sport
						</subfield>
						<subfield code="b">Verfassungsschutz</subfield>
					</datafield>
					<datafield tag="201" ind1="-" ind2="1">
						<subfield code="k">Rheinland-Pfalz</subfield>
						<subfield code="b">Minister des Innern und für Sport
						</subfield>
					</datafield>
					<datafield tag="201" ind1="-" ind2="1">
						<subfield code="k">Ministerium des Innern und für Sport
						</subfield>
						<subfield code="h">Rheinland-Pfalz</subfield>
					</datafield>
					<datafield tag="201" ind1="-" ind2="1">
						<subfield code="k">Minister des Innern und für Sport
						</subfield>
						<subfield code="h">Rheinland-Pfalz</subfield>
					</datafield>
					<datafield tag="201" ind1="-" ind2="1">
						<subfield code="k">Rheinland-Pfälzischer Verfassungsschutz
						</subfield>
					</datafield>
					<datafield tag="201" ind1="-" ind2="1">
						<subfield code="k">Rheinland-Pfalz</subfield>
						<subfield code="b">Ministerium des Innern und für Sport
						</subfield>
						<subfield code="b">Oberste Landesplanungsbehörde</subfield>
					</datafield>
					<datafield tag="201" ind1="-" ind2="1">
						<subfield code="k">Oberste Landesplanungsbehörde</subfield>
						<subfield code="h">Rheinland-Pfalz, Ministerium des Innern
							und für Sport</subfield>
					</datafield>
					<datafield tag="201" ind1="-" ind2="1">
						<subfield code="k">Rheinland-Pfalz</subfield>
						<subfield code="b">Ministerium des Innern und für Sport
						</subfield>
						<subfield code="b">Referat Entwicklungszusammenarbeit
						</subfield>
					</datafield>
					<datafield tag="201" ind1="-" ind2="1">
						<subfield code="k">Rheinland-Pfalz</subfield>
						<subfield code="b">Ministerium des Innern und für Sport
						</subfield>
						<subfield code="b">Referat</subfield>
						<subfield code="n">314</subfield>
					</datafield>
					<datafield tag="201" ind1="-" ind2="1">
						<subfield code="k">Rheinland-Pfalz</subfield>
						<subfield code="b">Ministerium des Innern und für Sport
						</subfield>
						<subfield code="b">Abteilung Raumordnung und Landesplanung
						</subfield>
					</datafield>
					<datafield tag="201" ind1="-" ind2="1">
						<subfield code="k">Rheinland-Pfalz</subfield>
						<subfield code="b">Ministerium des Innern und für Sport
						</subfield>
						<subfield code="b">Referat Kommunale Entwicklungspolitik
						</subfield>
					</datafield>
					<datafield tag="201" ind1="-" ind2="1">
						<subfield code="k">Rheinland-Pfalz</subfield>
						<subfield code="b">Ministerium des Innern und für Sport
						</subfield>
						<subfield code="b">Arbeitsgruppe Polizei im NS-Staat
						</subfield>
					</datafield>
					<datafield tag="201" ind1="-" ind2="1">
						<subfield code="k">Rheinland-Pfalz</subfield>
						<subfield code="b">Ministerium des Innern und für Sport
						</subfield>
						<subfield code="b">Referat Personalentwicklung</subfield>
					</datafield>
					<datafield tag="201" ind1="-" ind2="1">
						<subfield code="k">MdI</subfield>
					</datafield>
					<datafield tag="331" ind1="-" ind2="1">
						<subfield code="a">Skinheads</subfield>
					</datafield>
					<datafield tag="334" ind1="-" ind2="1">
						<subfield code="a">Elektronische Ressource</subfield>
					</datafield>
					<datafield tag="359" ind1="-" ind2="1">
						<subfield code="a">Rheinland-Pfalz, Ministerium des Innern
							und für Sport</subfield>
					</datafield>
					<datafield tag="403" ind1="-" ind2="1">
						<subfield code="a">Stand: April 2004</subfield>
					</datafield>
					<datafield tag="410" ind1="-" ind2="1">
						<subfield code="a">Mainz</subfield>
					</datafield>
					<datafield tag="425" ind1="-" ind2="1">
						<subfield code="a">[2004]</subfield>
					</datafield>
					<datafield tag="425" ind1="a" ind2="1">
						<subfield code="a">2004</subfield>
					</datafield>
					<datafield tag="433" ind1="-" ind2="1">
						<subfield code="a">52 S. : Ill., graph. Darst.</subfield>
					</datafield>
					<datafield tag="552" ind1="b" ind2="1">
						<subfield code="a">urn:nbn:de:hbz:929:</subfield>
					</datafield>
					<datafield tag="652" ind1="a" ind2="1">
						<subfield code="a">Archivierte Online-Ressource</subfield>
					</datafield>
					<datafield tag="655" ind1="e" ind2="1">
						<subfield code="x">kostenfrei; Langzeitarchivierung
						</subfield>
					</datafield>
					<datafield tag="700" ind1="l" ind2="1">
						<subfield code="a">rpb406060</subfield>
					</datafield>
					<datafield tag="700" ind1="l" ind2="1">
						<subfield code="a">610</subfield>
					</datafield>
					<datafield tag="700" ind1="b" ind2="1">
						<subfield code="a">320</subfield>
					</datafield>
					<datafield tag="710" ind1="-" ind2="1">
						<subfield code="a">Neonazi, Rechtsradikaler, Faschismus,
							Nationalsozialismus</subfield>
					</datafield>
					<controlfield tag="SYS">015589422</controlfield>
					<datafield tag="HID" ind1="-" ind2="1">
						<subfield code="s">DTL2ALEPH</subfield>
						<subfield code="c">20070223</subfield>
						<subfield code="l">HBZ01</subfield>
						<subfield code="h">0622</subfield>
					</datafield>
					<datafield tag="655" ind1="e" ind2=" ">
						<subfield code="u">http://digitool.hbz-nrw.de:1801/webclient/DeliveryManager?pid=1750746&amp;custom_att_2=simple_viewer
						</subfield>
						<subfield code="y">Skinheads</subfield>
						<subfield code="x">Archivierte Online-Ressource</subfield>
					</datafield>
				</record>
